%YAML 1.1
%TAG !u! tag:unity3d.com,2011:
--- !u!135 &6370641021231746278
SphereCollider:
  m_ObjectHideFlags: 0
  m_CorrespondingSourceObject: {fileID: 0}
  m_PrefabInstance: {fileID: 0}
  m_PrefabAsset: {fileID: 0}
  m_GameObject: {fileID: 6929455856415455556}
  m_Material: {fileID: 0}
  m_IsTrigger: 1
  m_Enabled: 1
  serializedVersion: 2
  m_Radius: 0.5
  m_Center: {x: 0, y: 0, z: 0}
--- !u!1 &7363434210070825418
GameObject:
  m_ObjectHideFlags: 0
  m_CorrespondingSourceObject: {fileID: 0}
  m_PrefabInstance: {fileID: 0}
  m_PrefabAsset: {fileID: 0}
  serializedVersion: 6
  m_Component:
  - component: {fileID: 7363434210070825408}
  - component: {fileID: 7363434210070825421}
  - component: {fileID: 7363434210070825420}
  - component: {fileID: 7363434210070825419}
  - component: {fileID: 7363434210070825422}
  m_Layer: 0
  m_Name: EnemyStatic
  m_TagString: Untagged
  m_Icon: {fileID: 0}
  m_NavMeshLayer: 0
  m_StaticEditorFlags: 0
  m_IsActive: 1
--- !u!4 &7363434210070825408
Transform:
  m_ObjectHideFlags: 0
  m_CorrespondingSourceObject: {fileID: 0}
  m_PrefabInstance: {fileID: 0}
  m_PrefabAsset: {fileID: 0}
  m_GameObject: {fileID: 7363434210070825418}
  m_LocalRotation: {x: -0, y: 0.9997178, z: -0, w: -0.02375848}
  m_LocalPosition: {x: 219.64088, y: 1.672, z: 78.1}
  m_LocalScale: {x: 1, y: 1, z: 1}
  m_Children:
  - {fileID: 7363434211595202084}
  m_Father: {fileID: 0}
  m_RootOrder: 0
  m_LocalEulerAnglesHint: {x: 0, y: 182.72299, z: 0}
--- !u!136 &7363434210070825421
CapsuleCollider:
  m_ObjectHideFlags: 0
  m_CorrespondingSourceObject: {fileID: 0}
  m_PrefabInstance: {fileID: 0}
  m_PrefabAsset: {fileID: 0}
  m_GameObject: {fileID: 7363434210070825418}
  m_Material: {fileID: 0}
  m_IsTrigger: 0
  m_Enabled: 1
  m_Radius: 0.5205498
  m_Height: 2.87817
  m_Direction: 1
  m_Center: {x: 0, y: 0.73450184, z: 0.038280487}
--- !u!195 &7363434210070825420
NavMeshAgent:
  m_ObjectHideFlags: 0
  m_CorrespondingSourceObject: {fileID: 0}
  m_PrefabInstance: {fileID: 0}
  m_PrefabAsset: {fileID: 0}
  m_GameObject: {fileID: 7363434210070825418}
  m_Enabled: 1
  m_AgentTypeID: 0
  m_Radius: 0.72
  m_Speed: 4
  m_Acceleration: 20
  avoidancePriority: 50
  m_AngularSpeed: 120
  m_StoppingDistance: 2.5
  m_AutoTraverseOffMeshLink: 1
  m_AutoBraking: 1
  m_AutoRepath: 1
  m_Height: 3.8
  m_BaseOffset: 1.5
  m_WalkableMask: 4294967295
  m_ObstacleAvoidanceType: 4
--- !u!54 &7363434210070825419
Rigidbody:
  m_ObjectHideFlags: 0
  m_CorrespondingSourceObject: {fileID: 0}
  m_PrefabInstance: {fileID: 0}
  m_PrefabAsset: {fileID: 0}
  m_GameObject: {fileID: 7363434210070825418}
  serializedVersion: 2
  m_Mass: 1
  m_Drag: 0
  m_AngularDrag: 0.05
  m_UseGravity: 1
  m_IsKinematic: 1
  m_Interpolate: 0
  m_Constraints: 0
  m_CollisionDetection: 0
--- !u!114 &7363434210070825422
MonoBehaviour:
  m_ObjectHideFlags: 0
  m_CorrespondingSourceObject: {fileID: 0}
  m_PrefabInstance: {fileID: 0}
  m_PrefabAsset: {fileID: 0}
  m_GameObject: {fileID: 7363434210070825418}
  m_Enabled: 1
  m_EditorHideFlags: 0
  m_Script: {fileID: 11500000, guid: 6ef104e2fde8b2940a5f3ae06e28eb87, type: 3}
  m_Name: 
  m_EditorClassIdentifier: 
  EnemyFireBall: {fileID: 8431631966841344373, guid: 07a85f2838fce4444b2751a3aae22f79,
    type: 3}
  lookRadius: 8
  visionEnemy: 15
  fov: 20
--- !u!1 &7363434211595202083
GameObject:
  m_ObjectHideFlags: 0
  m_CorrespondingSourceObject: {fileID: 0}
  m_PrefabInstance: {fileID: 0}
  m_PrefabAsset: {fileID: 0}
  serializedVersion: 6
  m_Component:
  - component: {fileID: 7363434211595202084}
  - component: {fileID: 7363434211595202086}
  - component: {fileID: 7363434211595202085}
  m_Layer: 0
  m_Name: Cube
  m_TagString: Untagged
  m_Icon: {fileID: 0}
  m_NavMeshLayer: 0
  m_StaticEditorFlags: 0
  m_IsActive: 1
--- !u!4 &7363434211595202084
Transform:
  m_ObjectHideFlags: 0
  m_CorrespondingSourceObject: {fileID: 0}
  m_PrefabInstance: {fileID: 0}
  m_PrefabAsset: {fileID: 0}
  m_GameObject: {fileID: 7363434211595202083}
  m_LocalRotation: {x: -0, y: 0.9997518, z: -0, w: -0.022278959}
  m_LocalPosition: {x: 0, y: 0.8249999, z: 0.02}
  m_LocalScale: {x: 1, y: 2.902818, z: 1}
  m_Children:
  - {fileID: 6929455856415352164}
  m_Father: {fileID: 7363434210070825408}
  m_RootOrder: 0
  m_LocalEulerAnglesHint: {x: 0, y: 182.553, z: 0}
--- !u!33 &7363434211595202086
MeshFilter:
  m_ObjectHideFlags: 0
  m_CorrespondingSourceObject: {fileID: 0}
  m_PrefabInstance: {fileID: 0}
  m_PrefabAsset: {fileID: 0}
  m_GameObject: {fileID: 7363434211595202083}
  m_Mesh: {fileID: 10202, guid: 0000000000000000e000000000000000, type: 0}
--- !u!23 &7363434211595202085
MeshRenderer:
  m_ObjectHideFlags: 0
  m_CorrespondingSourceObject: {fileID: 0}
  m_PrefabInstance: {fileID: 0}
  m_PrefabAsset: {fileID: 0}
  m_GameObject: {fileID: 7363434211595202083}
  m_Enabled: 1
  m_CastShadows: 1
  m_ReceiveShadows: 1
  m_DynamicOccludee: 1
  m_MotionVectors: 1
  m_LightProbeUsage: 1
  m_ReflectionProbeUsage: 1
  m_RenderingLayerMask: 1
  m_RendererPriority: 0
  m_Materials:
  - {fileID: 2100000, guid: 2e2e834a64dae25468cdf2d2438dc336, type: 2}
  m_StaticBatchInfo:
    firstSubMesh: 0
    subMeshCount: 0
  m_StaticBatchRoot: {fileID: 0}
  m_ProbeAnchor: {fileID: 0}
  m_LightProbeVolumeOverride: {fileID: 0}
  m_ScaleInLightmap: 1
  m_PreserveUVs: 0
  m_IgnoreNormalsForChartDetection: 0
  m_ImportantGI: 0
  m_StitchLightmapSeams: 0
  m_SelectedEditorRenderState: 3
  m_MinimumChartSize: 4
  m_AutoUVMaxDistance: 0.5
  m_AutoUVMaxAngle: 89
  m_LightmapParameters: {fileID: 0}
  m_SortingLayerID: 0
  m_SortingLayer: 0
  m_SortingOrder: 0
--- !u!1001 &7196026890167315416
PrefabInstance:
  m_ObjectHideFlags: 0
  serializedVersion: 2
  m_Modification:
    m_TransformParent: {fileID: 7363434211595202084}
    m_Modifications:
    - target: {fileID: 285753415612519068, guid: 404b92f912f3a3044bafb9b803336ed7,
        type: 3}
      propertyPath: m_Name
      value: GolemChiquito
      objectReference: {fileID: 0}
    - target: {fileID: 285753415612519068, guid: 404b92f912f3a3044bafb9b803336ed7,
        type: 3}
      propertyPath: m_TagString
      value: dmg
      objectReference: {fileID: 0}
    - target: {fileID: 285753415613009596, guid: 404b92f912f3a3044bafb9b803336ed7,
        type: 3}
      propertyPath: m_LocalPosition.x
      value: -0.28045556
      objectReference: {fileID: 0}
    - target: {fileID: 285753415613009596, guid: 404b92f912f3a3044bafb9b803336ed7,
        type: 3}
      propertyPath: m_LocalPosition.y
      value: -0.8477014
      objectReference: {fileID: 0}
    - target: {fileID: 285753415613009596, guid: 404b92f912f3a3044bafb9b803336ed7,
        type: 3}
      propertyPath: m_LocalPosition.z
      value: -0.023753196
      objectReference: {fileID: 0}
    - target: {fileID: 285753415613009596, guid: 404b92f912f3a3044bafb9b803336ed7,
        type: 3}
      propertyPath: m_LocalRotation.x
      value: -0
      objectReference: {fileID: 0}
    - target: {fileID: 285753415613009596, guid: 404b92f912f3a3044bafb9b803336ed7,
        type: 3}
      propertyPath: m_LocalRotation.y
      value: 0.99992156
      objectReference: {fileID: 0}
    - target: {fileID: 285753415613009596, guid: 404b92f912f3a3044bafb9b803336ed7,
        type: 3}
      propertyPath: m_LocalRotation.z
      value: -0
      objectReference: {fileID: 0}
    - target: {fileID: 285753415613009596, guid: 404b92f912f3a3044bafb9b803336ed7,
        type: 3}
      propertyPath: m_LocalRotation.w
      value: -0.01252849
      objectReference: {fileID: 0}
    - target: {fileID: 285753415613009596, guid: 404b92f912f3a3044bafb9b803336ed7,
        type: 3}
      propertyPath: m_RootOrder
      value: 0
      objectReference: {fileID: 0}
    - target: {fileID: 285753415613009596, guid: 404b92f912f3a3044bafb9b803336ed7,
        type: 3}
      propertyPath: m_LocalEulerAnglesHint.x
      value: 0
      objectReference: {fileID: 0}
    - target: {fileID: 285753415613009596, guid: 404b92f912f3a3044bafb9b803336ed7,
        type: 3}
      propertyPath: m_LocalEulerAnglesHint.y
      value: 541.436
      objectReference: {fileID: 0}
    - target: {fileID: 285753415613009596, guid: 404b92f912f3a3044bafb9b803336ed7,
        type: 3}
      propertyPath: m_LocalEulerAnglesHint.z
      value: 0
      objectReference: {fileID: 0}
    - target: {fileID: 285753415613009596, guid: 404b92f912f3a3044bafb9b803336ed7,
        type: 3}
      propertyPath: m_LocalScale.x
      value: 0.3
      objectReference: {fileID: 0}
    - target: {fileID: 285753415613009596, guid: 404b92f912f3a3044bafb9b803336ed7,
        type: 3}
      propertyPath: m_LocalScale.y
      value: 0.1
      objectReference: {fileID: 0}
    - target: {fileID: 285753415613009596, guid: 404b92f912f3a3044bafb9b803336ed7,
        type: 3}
      propertyPath: m_LocalScale.z
      value: 0.3
      objectReference: {fileID: 0}
    m_RemovedComponents: []
  m_SourcePrefab: {fileID: 100100000, guid: 404b92f912f3a3044bafb9b803336ed7, type: 3}
--- !u!1 &6929455856415455556 stripped
GameObject:
  m_CorrespondingSourceObject: {fileID: 285753415612519068, guid: 404b92f912f3a3044bafb9b803336ed7,
    type: 3}
  m_PrefabInstance: {fileID: 7196026890167315416}
  m_PrefabAsset: {fileID: 0}
--- !u!4 &6929455856415352164 stripped
Transform:
  m_CorrespondingSourceObject: {fileID: 285753415613009596, guid: 404b92f912f3a3044bafb9b803336ed7,
    type: 3}
  m_PrefabInstance: {fileID: 7196026890167315416}
  m_PrefabAsset: {fileID: 0}
