%YAML 1.1
%TAG !u! tag:unity3d.com,2011:
--- !u!1 &3902604965890352621
GameObject:
  m_ObjectHideFlags: 0
  m_CorrespondingSourceObject: {fileID: 0}
  m_PrefabInstance: {fileID: 0}
  m_PrefabAsset: {fileID: 0}
  serializedVersion: 6
  m_Component:
  - component: {fileID: 3902604965890352618}
  - component: {fileID: 3902604965890352619}
  m_Layer: 0
  m_Name: Canvas
  m_TagString: Untagged
  m_Icon: {fileID: 0}
  m_NavMeshLayer: 0
  m_StaticEditorFlags: 0
  m_IsActive: 1
--- !u!4 &3902604965890352618
Transform:
  m_ObjectHideFlags: 0
  m_CorrespondingSourceObject: {fileID: 0}
  m_PrefabInstance: {fileID: 0}
  m_PrefabAsset: {fileID: 0}
  m_GameObject: {fileID: 3902604965890352621}
  m_LocalRotation: {x: 0, y: 0, z: 0, w: 1}
  m_LocalPosition: {x: 1083.7513, y: 439.3964, z: -11.25}
  m_LocalScale: {x: 1, y: 1, z: 1}
  m_Children:
  - {fileID: 4240026259752076438}
  - {fileID: 2911276787267182979}
  - {fileID: 2476273699058698692}
  - {fileID: 4986183771918595107}
  m_Father: {fileID: 0}
  m_RootOrder: 0
  m_LocalEulerAnglesHint: {x: 0, y: 0, z: 0}
--- !u!114 &3902604965890352619
MonoBehaviour:
  m_ObjectHideFlags: 0
  m_CorrespondingSourceObject: {fileID: 0}
  m_PrefabInstance: {fileID: 0}
  m_PrefabAsset: {fileID: 0}
  m_GameObject: {fileID: 3902604965890352621}
  m_Enabled: 1
  m_EditorHideFlags: 0
  m_Script: {fileID: 11500000, guid: 590d57f901e072b49a209e396bd719ec, type: 3}
  m_Name: 
  m_EditorClassIdentifier: 
--- !u!1001 &3902604966434381389
PrefabInstance:
  m_ObjectHideFlags: 0
  serializedVersion: 2
  m_Modification:
    m_TransformParent: {fileID: 3902604965890352618}
    m_Modifications:
    - target: {fileID: 51632514453749321, guid: c33dfff9b70d61e42a871f83c2775f43,
        type: 3}
      propertyPath: m_Name
      value: Canvas1
      objectReference: {fileID: 0}
    - target: {fileID: 51632514453749325, guid: c33dfff9b70d61e42a871f83c2775f43,
        type: 3}
      propertyPath: m_LocalPosition.x
      value: 0
      objectReference: {fileID: 0}
    - target: {fileID: 51632514453749325, guid: c33dfff9b70d61e42a871f83c2775f43,
        type: 3}
      propertyPath: m_LocalPosition.y
      value: 0
      objectReference: {fileID: 0}
    - target: {fileID: 51632514453749325, guid: c33dfff9b70d61e42a871f83c2775f43,
        type: 3}
      propertyPath: m_LocalPosition.z
      value: 0
      objectReference: {fileID: 0}
    - target: {fileID: 51632514453749325, guid: c33dfff9b70d61e42a871f83c2775f43,
        type: 3}
      propertyPath: m_LocalRotation.x
      value: 0
      objectReference: {fileID: 0}
    - target: {fileID: 51632514453749325, guid: c33dfff9b70d61e42a871f83c2775f43,
        type: 3}
      propertyPath: m_LocalRotation.y
      value: 0
      objectReference: {fileID: 0}
    - target: {fileID: 51632514453749325, guid: c33dfff9b70d61e42a871f83c2775f43,
        type: 3}
      propertyPath: m_LocalRotation.z
      value: 0
      objectReference: {fileID: 0}
    - target: {fileID: 51632514453749325, guid: c33dfff9b70d61e42a871f83c2775f43,
        type: 3}
      propertyPath: m_LocalRotation.w
      value: 1
      objectReference: {fileID: 0}
    - target: {fileID: 51632514453749325, guid: c33dfff9b70d61e42a871f83c2775f43,
        type: 3}
      propertyPath: m_RootOrder
      value: 19
      objectReference: {fileID: 0}
    - target: {fileID: 51632514453749325, guid: c33dfff9b70d61e42a871f83c2775f43,
        type: 3}
      propertyPath: m_LocalEulerAnglesHint.x
      value: 0
      objectReference: {fileID: 0}
    - target: {fileID: 51632514453749325, guid: c33dfff9b70d61e42a871f83c2775f43,
        type: 3}
      propertyPath: m_LocalEulerAnglesHint.y
      value: 0
      objectReference: {fileID: 0}
    - target: {fileID: 51632514453749325, guid: c33dfff9b70d61e42a871f83c2775f43,
        type: 3}
      propertyPath: m_LocalEulerAnglesHint.z
      value: 0
      objectReference: {fileID: 0}
    - target: {fileID: 51632514453749325, guid: c33dfff9b70d61e42a871f83c2775f43,
        type: 3}
      propertyPath: m_AnchoredPosition.x
      value: 0
      objectReference: {fileID: 0}
    - target: {fileID: 51632514453749325, guid: c33dfff9b70d61e42a871f83c2775f43,
        type: 3}
      propertyPath: m_AnchoredPosition.y
      value: 0
      objectReference: {fileID: 0}
    - target: {fileID: 51632514453749325, guid: c33dfff9b70d61e42a871f83c2775f43,
        type: 3}
      propertyPath: m_SizeDelta.x
      value: 0
      objectReference: {fileID: 0}
    - target: {fileID: 51632514453749325, guid: c33dfff9b70d61e42a871f83c2775f43,
        type: 3}
      propertyPath: m_SizeDelta.y
      value: 0
      objectReference: {fileID: 0}
    - target: {fileID: 51632514453749325, guid: c33dfff9b70d61e42a871f83c2775f43,
        type: 3}
      propertyPath: m_AnchorMin.x
      value: 0
      objectReference: {fileID: 0}
    - target: {fileID: 51632514453749325, guid: c33dfff9b70d61e42a871f83c2775f43,
        type: 3}
      propertyPath: m_AnchorMin.y
      value: 0
      objectReference: {fileID: 0}
    - target: {fileID: 51632514453749325, guid: c33dfff9b70d61e42a871f83c2775f43,
        type: 3}
      propertyPath: m_AnchorMax.x
      value: 0
      objectReference: {fileID: 0}
    - target: {fileID: 51632514453749325, guid: c33dfff9b70d61e42a871f83c2775f43,
        type: 3}
      propertyPath: m_AnchorMax.y
      value: 0
      objectReference: {fileID: 0}
    - target: {fileID: 51632514453749325, guid: c33dfff9b70d61e42a871f83c2775f43,
        type: 3}
      propertyPath: m_Pivot.x
      value: 0
      objectReference: {fileID: 0}
    - target: {fileID: 51632514453749325, guid: c33dfff9b70d61e42a871f83c2775f43,
        type: 3}
      propertyPath: m_Pivot.y
      value: 0
      objectReference: {fileID: 0}
    - target: {fileID: 2061690105382660996, guid: c33dfff9b70d61e42a871f83c2775f43,
        type: 3}
      propertyPath: uiInventory
      value: 
      objectReference: {fileID: 2911276787518021223}
    - target: {fileID: 3495695734721075635, guid: c33dfff9b70d61e42a871f83c2775f43,
        type: 3}
      propertyPath: uiInventory
      value: 
      objectReference: {fileID: 2911276787518021223}
    - target: {fileID: 4422488653311425117, guid: c33dfff9b70d61e42a871f83c2775f43,
        type: 3}
      propertyPath: uiInventory
      value: 
      objectReference: {fileID: 2911276787518021223}
    - target: {fileID: 6493514916486447499, guid: c33dfff9b70d61e42a871f83c2775f43,
        type: 3}
      propertyPath: uiInventory
      value: 
      objectReference: {fileID: 2911276787518021223}
    - target: {fileID: 315093948816017181, guid: c33dfff9b70d61e42a871f83c2775f43,
        type: 3}
      propertyPath: m_FillAmount
      value: 1
      objectReference: {fileID: 0}
    - target: {fileID: 51632514453749324, guid: c33dfff9b70d61e42a871f83c2775f43,
        type: 3}
      propertyPath: m_RenderMode
      value: 1
      objectReference: {fileID: 0}
    - target: {fileID: 51632514453749324, guid: c33dfff9b70d61e42a871f83c2775f43,
        type: 3}
      propertyPath: m_Camera
      value: 
      objectReference: {fileID: 0}
    - target: {fileID: 51632514453749324, guid: c33dfff9b70d61e42a871f83c2775f43,
        type: 3}
      propertyPath: m_PlaneDistance
      value: 0.4
      objectReference: {fileID: 0}
    - target: {fileID: 7672914684030335330, guid: c33dfff9b70d61e42a871f83c2775f43,
        type: 3}
      propertyPath: m_AnchoredPosition.x
      value: 0.8
      objectReference: {fileID: 0}
    - target: {fileID: 7672914684030335330, guid: c33dfff9b70d61e42a871f83c2775f43,
        type: 3}
      propertyPath: m_SizeDelta.x
      value: 613.9
      objectReference: {fileID: 0}
    - target: {fileID: 7672914684030335330, guid: c33dfff9b70d61e42a871f83c2775f43,
        type: 3}
      propertyPath: m_SizeDelta.y
      value: 15.4
      objectReference: {fileID: 0}
    - target: {fileID: 7672914684030335330, guid: c33dfff9b70d61e42a871f83c2775f43,
        type: 3}
      propertyPath: m_AnchoredPosition.y
      value: 0.7
      objectReference: {fileID: 0}
    - target: {fileID: 4210131498360515321, guid: c33dfff9b70d61e42a871f83c2775f43,
        type: 3}
      propertyPath: m_Sprite
      value: 
      objectReference: {fileID: 0}
    - target: {fileID: 8294132097186622062, guid: c33dfff9b70d61e42a871f83c2775f43,
        type: 3}
      propertyPath: m_RootOrder
      value: 3
      objectReference: {fileID: 0}
    - target: {fileID: 8335532121331788480, guid: c33dfff9b70d61e42a871f83c2775f43,
        type: 3}
      propertyPath: uiInventory
      value: 
      objectReference: {fileID: 2911276787518021223}
    - target: {fileID: 4841078171950157200, guid: c33dfff9b70d61e42a871f83c2775f43,
        type: 3}
      propertyPath: uiInventory
      value: 
      objectReference: {fileID: 2911276787518021223}
    - target: {fileID: 5688635335241363070, guid: c33dfff9b70d61e42a871f83c2775f43,
        type: 3}
      propertyPath: uiInventory
      value: 
      objectReference: {fileID: 2911276787518021223}
    - target: {fileID: 3004001164769973672, guid: c33dfff9b70d61e42a871f83c2775f43,
        type: 3}
      propertyPath: uiInventory
      value: 
      objectReference: {fileID: 2911276787518021223}
    - target: {fileID: 8012284681067970471, guid: c33dfff9b70d61e42a871f83c2775f43,
        type: 3}
      propertyPath: uiInventory
      value: 
      objectReference: {fileID: 2911276787518021223}
    - target: {fileID: 6804340770294179111, guid: c33dfff9b70d61e42a871f83c2775f43,
        type: 3}
      propertyPath: m_AnchoredPosition.y
      value: 453
      objectReference: {fileID: 0}
    - target: {fileID: 6804340770294179111, guid: c33dfff9b70d61e42a871f83c2775f43,
        type: 3}
      propertyPath: m_AnchoredPosition.x
      value: -621
      objectReference: {fileID: 0}
    m_RemovedComponents:
    - {fileID: 8561897617635148219, guid: c33dfff9b70d61e42a871f83c2775f43, type: 3}
  m_SourcePrefab: {fileID: 100100000, guid: c33dfff9b70d61e42a871f83c2775f43, type: 3}
--- !u!1 &4986183771918595111 stripped
GameObject:
  m_CorrespondingSourceObject: {fileID: 8294132097186622058, guid: c33dfff9b70d61e42a871f83c2775f43,
    type: 3}
  m_PrefabInstance: {fileID: 3902604966434381389}
  m_PrefabAsset: {fileID: 0}
--- !u!224 &4986183771918595107 stripped
RectTransform:
  m_CorrespondingSourceObject: {fileID: 8294132097186622062, guid: c33dfff9b70d61e42a871f83c2775f43,
    type: 3}
  m_PrefabInstance: {fileID: 3902604966434381389}
  m_PrefabAsset: {fileID: 0}
--- !u!1001 &3902604966570953415
PrefabInstance:
  m_ObjectHideFlags: 0
  serializedVersion: 2
  m_Modification:
    m_TransformParent: {fileID: 3902604965890352618}
    m_Modifications:
    - target: {fileID: 2183744830411483968, guid: 11adabb18f9bd61439833c7805062586,
        type: 3}
      propertyPath: m_Name
      value: Inventario
      objectReference: {fileID: 0}
    - target: {fileID: 2183744830411483968, guid: 11adabb18f9bd61439833c7805062586,
        type: 3}
      propertyPath: m_IsActive
      value: 1
      objectReference: {fileID: 0}
    - target: {fileID: 2183744830411483972, guid: 11adabb18f9bd61439833c7805062586,
        type: 3}
      propertyPath: m_LocalPosition.x
      value: 0
      objectReference: {fileID: 0}
    - target: {fileID: 2183744830411483972, guid: 11adabb18f9bd61439833c7805062586,
        type: 3}
      propertyPath: m_LocalPosition.y
      value: 0
      objectReference: {fileID: 0}
    - target: {fileID: 2183744830411483972, guid: 11adabb18f9bd61439833c7805062586,
        type: 3}
      propertyPath: m_LocalPosition.z
      value: 0
      objectReference: {fileID: 0}
    - target: {fileID: 2183744830411483972, guid: 11adabb18f9bd61439833c7805062586,
        type: 3}
      propertyPath: m_LocalRotation.x
      value: 0
      objectReference: {fileID: 0}
    - target: {fileID: 2183744830411483972, guid: 11adabb18f9bd61439833c7805062586,
        type: 3}
      propertyPath: m_LocalRotation.y
      value: 0
      objectReference: {fileID: 0}
    - target: {fileID: 2183744830411483972, guid: 11adabb18f9bd61439833c7805062586,
        type: 3}
      propertyPath: m_LocalRotation.z
      value: 0
      objectReference: {fileID: 0}
    - target: {fileID: 2183744830411483972, guid: 11adabb18f9bd61439833c7805062586,
        type: 3}
      propertyPath: m_LocalRotation.w
      value: 1
      objectReference: {fileID: 0}
    - target: {fileID: 2183744830411483972, guid: 11adabb18f9bd61439833c7805062586,
        type: 3}
      propertyPath: m_RootOrder
      value: 1
      objectReference: {fileID: 0}
    - target: {fileID: 2183744830411483972, guid: 11adabb18f9bd61439833c7805062586,
        type: 3}
      propertyPath: m_LocalEulerAnglesHint.x
      value: 0
      objectReference: {fileID: 0}
    - target: {fileID: 2183744830411483972, guid: 11adabb18f9bd61439833c7805062586,
        type: 3}
      propertyPath: m_LocalEulerAnglesHint.y
      value: 0
      objectReference: {fileID: 0}
    - target: {fileID: 2183744830411483972, guid: 11adabb18f9bd61439833c7805062586,
        type: 3}
      propertyPath: m_LocalEulerAnglesHint.z
      value: 0
      objectReference: {fileID: 0}
    - target: {fileID: 2183744830411483972, guid: 11adabb18f9bd61439833c7805062586,
        type: 3}
      propertyPath: m_AnchoredPosition.x
      value: 0
      objectReference: {fileID: 0}
    - target: {fileID: 2183744830411483972, guid: 11adabb18f9bd61439833c7805062586,
        type: 3}
      propertyPath: m_AnchoredPosition.y
      value: 0
      objectReference: {fileID: 0}
    - target: {fileID: 2183744830411483972, guid: 11adabb18f9bd61439833c7805062586,
        type: 3}
      propertyPath: m_SizeDelta.x
      value: 0
      objectReference: {fileID: 0}
    - target: {fileID: 2183744830411483972, guid: 11adabb18f9bd61439833c7805062586,
        type: 3}
      propertyPath: m_SizeDelta.y
      value: 0
      objectReference: {fileID: 0}
    - target: {fileID: 2183744830411483972, guid: 11adabb18f9bd61439833c7805062586,
        type: 3}
      propertyPath: m_AnchorMin.x
      value: 0
      objectReference: {fileID: 0}
    - target: {fileID: 2183744830411483972, guid: 11adabb18f9bd61439833c7805062586,
        type: 3}
      propertyPath: m_AnchorMin.y
      value: 0
      objectReference: {fileID: 0}
    - target: {fileID: 2183744830411483972, guid: 11adabb18f9bd61439833c7805062586,
        type: 3}
      propertyPath: m_AnchorMax.x
      value: 0
      objectReference: {fileID: 0}
    - target: {fileID: 2183744830411483972, guid: 11adabb18f9bd61439833c7805062586,
        type: 3}
      propertyPath: m_AnchorMax.y
      value: 0
      objectReference: {fileID: 0}
    - target: {fileID: 2183744830411483972, guid: 11adabb18f9bd61439833c7805062586,
        type: 3}
      propertyPath: m_Pivot.x
      value: 0
      objectReference: {fileID: 0}
    - target: {fileID: 2183744830411483972, guid: 11adabb18f9bd61439833c7805062586,
        type: 3}
      propertyPath: m_Pivot.y
      value: 0
      objectReference: {fileID: 0}
    - target: {fileID: 6234171417981825467, guid: 11adabb18f9bd61439833c7805062586,
        type: 3}
      propertyPath: m_SizeDelta.y
      value: 0
      objectReference: {fileID: 0}
    - target: {fileID: 2183744830046419784, guid: 11adabb18f9bd61439833c7805062586,
        type: 3}
      propertyPath: m_AnchorMin.y
      value: 1
      objectReference: {fileID: 0}
    - target: {fileID: 2183744830046419784, guid: 11adabb18f9bd61439833c7805062586,
        type: 3}
      propertyPath: m_AnchorMax.y
      value: 1
      objectReference: {fileID: 0}
    - target: {fileID: 2183744830046419784, guid: 11adabb18f9bd61439833c7805062586,
        type: 3}
      propertyPath: m_AnchoredPosition.x
      value: 83.6
      objectReference: {fileID: 0}
    - target: {fileID: 2183744830046419784, guid: 11adabb18f9bd61439833c7805062586,
        type: 3}
      propertyPath: m_AnchoredPosition.y
      value: -65
      objectReference: {fileID: 0}
    - target: {fileID: 2183744830046419784, guid: 11adabb18f9bd61439833c7805062586,
        type: 3}
      propertyPath: m_SizeDelta.x
      value: 63.2
      objectReference: {fileID: 0}
    - target: {fileID: 2183744830046419784, guid: 11adabb18f9bd61439833c7805062586,
        type: 3}
      propertyPath: m_SizeDelta.y
      value: 20
      objectReference: {fileID: 0}
    - target: {fileID: 326893390870715302, guid: 11adabb18f9bd61439833c7805062586,
        type: 3}
      propertyPath: m_AnchorMin.y
      value: 0
      objectReference: {fileID: 0}
    - target: {fileID: 326893390870715302, guid: 11adabb18f9bd61439833c7805062586,
        type: 3}
      propertyPath: m_AnchorMax.y
      value: 0
      objectReference: {fileID: 0}
    - target: {fileID: 326893390870715302, guid: 11adabb18f9bd61439833c7805062586,
        type: 3}
      propertyPath: m_AnchoredPosition.x
      value: 0
      objectReference: {fileID: 0}
    - target: {fileID: 326893390870715302, guid: 11adabb18f9bd61439833c7805062586,
        type: 3}
      propertyPath: m_AnchoredPosition.y
      value: 0
      objectReference: {fileID: 0}
    - target: {fileID: 326893390870715302, guid: 11adabb18f9bd61439833c7805062586,
        type: 3}
      propertyPath: m_SizeDelta.x
      value: 0
      objectReference: {fileID: 0}
    - target: {fileID: 326893390870715302, guid: 11adabb18f9bd61439833c7805062586,
        type: 3}
      propertyPath: m_SizeDelta.y
      value: 0
      objectReference: {fileID: 0}
    - target: {fileID: 3231617667113060523, guid: 11adabb18f9bd61439833c7805062586,
        type: 3}
      propertyPath: m_AnchorMin.y
      value: 0
      objectReference: {fileID: 0}
    - target: {fileID: 3231617667113060523, guid: 11adabb18f9bd61439833c7805062586,
        type: 3}
      propertyPath: m_AnchorMax.y
      value: 0
      objectReference: {fileID: 0}
    - target: {fileID: 3231617667113060523, guid: 11adabb18f9bd61439833c7805062586,
        type: 3}
      propertyPath: m_AnchoredPosition.x
      value: 0
      objectReference: {fileID: 0}
    - target: {fileID: 3231617667113060523, guid: 11adabb18f9bd61439833c7805062586,
        type: 3}
      propertyPath: m_AnchoredPosition.y
      value: 0
      objectReference: {fileID: 0}
    - target: {fileID: 3231617667113060523, guid: 11adabb18f9bd61439833c7805062586,
        type: 3}
      propertyPath: m_SizeDelta.x
      value: 0
      objectReference: {fileID: 0}
    - target: {fileID: 3231617667113060523, guid: 11adabb18f9bd61439833c7805062586,
        type: 3}
      propertyPath: m_SizeDelta.y
      value: 0
      objectReference: {fileID: 0}
    m_RemovedComponents: []
  m_SourcePrefab: {fileID: 100100000, guid: 11adabb18f9bd61439833c7805062586, type: 3}
--- !u!224 &2911276787267182979 stripped
RectTransform:
  m_CorrespondingSourceObject: {fileID: 2183744830411483972, guid: 11adabb18f9bd61439833c7805062586,
    type: 3}
  m_PrefabInstance: {fileID: 3902604966570953415}
  m_PrefabAsset: {fileID: 0}
--- !u!114 &2911276787518021223 stripped
MonoBehaviour:
  m_CorrespondingSourceObject: {fileID: 2183744828552582304, guid: 11adabb18f9bd61439833c7805062586,
    type: 3}
  m_PrefabInstance: {fileID: 3902604966570953415}
  m_PrefabAsset: {fileID: 0}
  m_GameObject: {fileID: 0}
  m_Enabled: 1
  m_EditorHideFlags: 0
  m_Script: {fileID: 11500000, guid: 65446a0746836694fa4fdf0d05974c76, type: 3}
  m_Name: 
  m_EditorClassIdentifier: 
--- !u!1001 &3902604967417580759
PrefabInstance:
  m_ObjectHideFlags: 0
  serializedVersion: 2
  m_Modification:
    m_TransformParent: {fileID: 3902604965890352618}
    m_Modifications:
    - target: {fileID: 936555076766419013, guid: efa0eaa65a75d784fbd2bfa3ba0dc212,
        type: 3}
      propertyPath: m_Name
      value: PauseMenuCanvas
      objectReference: {fileID: 0}
    - target: {fileID: 8379166438719999289, guid: efa0eaa65a75d784fbd2bfa3ba0dc212,
        type: 3}
      propertyPath: m_AnchorMin.x
      value: 1
      objectReference: {fileID: 0}
    - target: {fileID: 8379166438719999289, guid: efa0eaa65a75d784fbd2bfa3ba0dc212,
        type: 3}
      propertyPath: m_AnchorMax.x
      value: 1
      objectReference: {fileID: 0}
    - target: {fileID: 8379166438719999289, guid: efa0eaa65a75d784fbd2bfa3ba0dc212,
        type: 3}
      propertyPath: m_AnchorMax.y
      value: 1
      objectReference: {fileID: 0}
    - target: {fileID: 4575961612151094979, guid: efa0eaa65a75d784fbd2bfa3ba0dc212,
        type: 3}
      propertyPath: m_AnchorMax.x
      value: 1
      objectReference: {fileID: 0}
    - target: {fileID: 4575961612151094979, guid: efa0eaa65a75d784fbd2bfa3ba0dc212,
        type: 3}
      propertyPath: m_AnchorMax.y
      value: 1
      objectReference: {fileID: 0}
    - target: {fileID: 5634818339707556819, guid: efa0eaa65a75d784fbd2bfa3ba0dc212,
        type: 3}
      propertyPath: m_AnchorMin.x
      value: 1
      objectReference: {fileID: 0}
    - target: {fileID: 5634818339707556819, guid: efa0eaa65a75d784fbd2bfa3ba0dc212,
        type: 3}
      propertyPath: m_AnchorMax.x
      value: 1
      objectReference: {fileID: 0}
    - target: {fileID: 5634818339707556819, guid: efa0eaa65a75d784fbd2bfa3ba0dc212,
        type: 3}
      propertyPath: m_AnchorMax.y
      value: 1
      objectReference: {fileID: 0}
    - target: {fileID: 5719705562709961305, guid: efa0eaa65a75d784fbd2bfa3ba0dc212,
        type: 3}
      propertyPath: m_AnchorMax.x
      value: 1
      objectReference: {fileID: 0}
    - target: {fileID: 5719705562709961305, guid: efa0eaa65a75d784fbd2bfa3ba0dc212,
        type: 3}
      propertyPath: m_AnchorMax.y
      value: 1
      objectReference: {fileID: 0}
    - target: {fileID: 1521386266124021382, guid: efa0eaa65a75d784fbd2bfa3ba0dc212,
        type: 3}
      propertyPath: m_AnchorMin.x
      value: 1
      objectReference: {fileID: 0}
    - target: {fileID: 1521386266124021382, guid: efa0eaa65a75d784fbd2bfa3ba0dc212,
        type: 3}
      propertyPath: m_AnchorMax.x
      value: 1
      objectReference: {fileID: 0}
    - target: {fileID: 1521386266124021382, guid: efa0eaa65a75d784fbd2bfa3ba0dc212,
        type: 3}
      propertyPath: m_AnchorMax.y
      value: 1
      objectReference: {fileID: 0}
    - target: {fileID: 5591130296602564903, guid: efa0eaa65a75d784fbd2bfa3ba0dc212,
        type: 3}
      propertyPath: m_AnchorMax.x
      value: 1
      objectReference: {fileID: 0}
    - target: {fileID: 5591130296602564903, guid: efa0eaa65a75d784fbd2bfa3ba0dc212,
        type: 3}
      propertyPath: m_AnchorMax.y
      value: 1
      objectReference: {fileID: 0}
    - target: {fileID: 2004931203717787011, guid: efa0eaa65a75d784fbd2bfa3ba0dc212,
        type: 3}
      propertyPath: m_IsActive
      value: 1
      objectReference: {fileID: 0}
    - target: {fileID: 9031521241368147128, guid: efa0eaa65a75d784fbd2bfa3ba0dc212,
        type: 3}
      propertyPath: m_IsActive
      value: 0
      objectReference: {fileID: 0}
    - target: {fileID: 4129585134063690247, guid: efa0eaa65a75d784fbd2bfa3ba0dc212,
        type: 3}
      propertyPath: Audio.Array.data[1]
      value: 
      objectReference: {fileID: 0}
    - target: {fileID: 4129585134063690247, guid: efa0eaa65a75d784fbd2bfa3ba0dc212,
        type: 3}
      propertyPath: Audio.Array.data[2]
      value: 
      objectReference: {fileID: 0}
    - target: {fileID: 4129585134063690247, guid: efa0eaa65a75d784fbd2bfa3ba0dc212,
        type: 3}
      propertyPath: Audio.Array.data[0]
      value: 
      objectReference: {fileID: 0}
    - target: {fileID: 4677248860690549064, guid: efa0eaa65a75d784fbd2bfa3ba0dc212,
        type: 3}
      propertyPath: m_OnClick.m_PersistentCalls.m_Calls.Array.data[0].m_MethodName
      value: Ajustes
      objectReference: {fileID: 0}
    - target: {fileID: 936555076766419009, guid: efa0eaa65a75d784fbd2bfa3ba0dc212,
        type: 3}
      propertyPath: m_LocalPosition.x
      value: 0
      objectReference: {fileID: 0}
    - target: {fileID: 936555076766419009, guid: efa0eaa65a75d784fbd2bfa3ba0dc212,
        type: 3}
      propertyPath: m_LocalPosition.y
      value: 0
      objectReference: {fileID: 0}
    - target: {fileID: 936555076766419009, guid: efa0eaa65a75d784fbd2bfa3ba0dc212,
        type: 3}
      propertyPath: m_LocalPosition.z
      value: 0
      objectReference: {fileID: 0}
    - target: {fileID: 936555076766419009, guid: efa0eaa65a75d784fbd2bfa3ba0dc212,
        type: 3}
      propertyPath: m_LocalRotation.x
      value: 0
      objectReference: {fileID: 0}
    - target: {fileID: 936555076766419009, guid: efa0eaa65a75d784fbd2bfa3ba0dc212,
        type: 3}
      propertyPath: m_LocalRotation.y
      value: 0
      objectReference: {fileID: 0}
    - target: {fileID: 936555076766419009, guid: efa0eaa65a75d784fbd2bfa3ba0dc212,
        type: 3}
      propertyPath: m_LocalRotation.z
      value: 0
      objectReference: {fileID: 0}
    - target: {fileID: 936555076766419009, guid: efa0eaa65a75d784fbd2bfa3ba0dc212,
        type: 3}
      propertyPath: m_LocalRotation.w
      value: 1
      objectReference: {fileID: 0}
    - target: {fileID: 936555076766419009, guid: efa0eaa65a75d784fbd2bfa3ba0dc212,
        type: 3}
      propertyPath: m_RootOrder
      value: 0
      objectReference: {fileID: 0}
    - target: {fileID: 936555076766419009, guid: efa0eaa65a75d784fbd2bfa3ba0dc212,
        type: 3}
      propertyPath: m_LocalEulerAnglesHint.x
      value: 0
      objectReference: {fileID: 0}
    - target: {fileID: 936555076766419009, guid: efa0eaa65a75d784fbd2bfa3ba0dc212,
        type: 3}
      propertyPath: m_LocalEulerAnglesHint.y
      value: 0
      objectReference: {fileID: 0}
    - target: {fileID: 936555076766419009, guid: efa0eaa65a75d784fbd2bfa3ba0dc212,
        type: 3}
      propertyPath: m_LocalEulerAnglesHint.z
      value: 0
      objectReference: {fileID: 0}
    - target: {fileID: 936555076766419009, guid: efa0eaa65a75d784fbd2bfa3ba0dc212,
        type: 3}
      propertyPath: m_AnchoredPosition.x
      value: 0
      objectReference: {fileID: 0}
    - target: {fileID: 936555076766419009, guid: efa0eaa65a75d784fbd2bfa3ba0dc212,
        type: 3}
      propertyPath: m_AnchoredPosition.y
      value: 0
      objectReference: {fileID: 0}
    - target: {fileID: 936555076766419009, guid: efa0eaa65a75d784fbd2bfa3ba0dc212,
        type: 3}
      propertyPath: m_SizeDelta.x
      value: 0
      objectReference: {fileID: 0}
    - target: {fileID: 936555076766419009, guid: efa0eaa65a75d784fbd2bfa3ba0dc212,
        type: 3}
      propertyPath: m_SizeDelta.y
      value: 0
      objectReference: {fileID: 0}
    - target: {fileID: 936555076766419009, guid: efa0eaa65a75d784fbd2bfa3ba0dc212,
        type: 3}
      propertyPath: m_AnchorMin.x
      value: 0
      objectReference: {fileID: 0}
    - target: {fileID: 936555076766419009, guid: efa0eaa65a75d784fbd2bfa3ba0dc212,
        type: 3}
      propertyPath: m_AnchorMin.y
      value: 0
      objectReference: {fileID: 0}
    - target: {fileID: 936555076766419009, guid: efa0eaa65a75d784fbd2bfa3ba0dc212,
        type: 3}
      propertyPath: m_AnchorMax.x
      value: 0
      objectReference: {fileID: 0}
    - target: {fileID: 936555076766419009, guid: efa0eaa65a75d784fbd2bfa3ba0dc212,
        type: 3}
      propertyPath: m_AnchorMax.y
      value: 0
      objectReference: {fileID: 0}
    - target: {fileID: 936555076766419009, guid: efa0eaa65a75d784fbd2bfa3ba0dc212,
        type: 3}
      propertyPath: m_Pivot.x
      value: 0
      objectReference: {fileID: 0}
    - target: {fileID: 936555076766419009, guid: efa0eaa65a75d784fbd2bfa3ba0dc212,
        type: 3}
      propertyPath: m_Pivot.y
      value: 0
      objectReference: {fileID: 0}
    - target: {fileID: 936555076655658167, guid: efa0eaa65a75d784fbd2bfa3ba0dc212,
        type: 3}
      propertyPath: m_IsActive
      value: 0
      objectReference: {fileID: 0}
    m_RemovedComponents: []
  m_SourcePrefab: {fileID: 100100000, guid: efa0eaa65a75d784fbd2bfa3ba0dc212, type: 3}
--- !u!224 &4240026259752076438 stripped
RectTransform:
  m_CorrespondingSourceObject: {fileID: 936555076766419009, guid: efa0eaa65a75d784fbd2bfa3ba0dc212,
    type: 3}
  m_PrefabInstance: {fileID: 3902604967417580759}
  m_PrefabAsset: {fileID: 0}
--- !u!1001 &4012657636677764274
PrefabInstance:
  m_ObjectHideFlags: 0
  serializedVersion: 2
  m_Modification:
    m_TransformParent: {fileID: 3902604965890352618}
    m_Modifications:
    - target: {fileID: 1581518917319691639, guid: a967a805c24b41a4b8bfc3670fafaa6c,
        type: 3}
      propertyPath: m_Name
      value: GameOver
      objectReference: {fileID: 0}
    - target: {fileID: 1581518917319691638, guid: a967a805c24b41a4b8bfc3670fafaa6c,
        type: 3}
      propertyPath: m_LocalPosition.x
      value: 234.94766
      objectReference: {fileID: 0}
    - target: {fileID: 1581518917319691638, guid: a967a805c24b41a4b8bfc3670fafaa6c,
        type: 3}
      propertyPath: m_LocalPosition.y
      value: -75.2532
      objectReference: {fileID: 0}
    - target: {fileID: 1581518917319691638, guid: a967a805c24b41a4b8bfc3670fafaa6c,
        type: 3}
      propertyPath: m_LocalPosition.z
      value: 231.93922
      objectReference: {fileID: 0}
    - target: {fileID: 1581518917319691638, guid: a967a805c24b41a4b8bfc3670fafaa6c,
        type: 3}
      propertyPath: m_LocalRotation.x
      value: 0
      objectReference: {fileID: 0}
    - target: {fileID: 1581518917319691638, guid: a967a805c24b41a4b8bfc3670fafaa6c,
        type: 3}
      propertyPath: m_LocalRotation.y
      value: 0
      objectReference: {fileID: 0}
    - target: {fileID: 1581518917319691638, guid: a967a805c24b41a4b8bfc3670fafaa6c,
        type: 3}
      propertyPath: m_LocalRotation.z
      value: 0
      objectReference: {fileID: 0}
    - target: {fileID: 1581518917319691638, guid: a967a805c24b41a4b8bfc3670fafaa6c,
        type: 3}
      propertyPath: m_LocalRotation.w
      value: 1
      objectReference: {fileID: 0}
    - target: {fileID: 1581518917319691638, guid: a967a805c24b41a4b8bfc3670fafaa6c,
        type: 3}
      propertyPath: m_RootOrder
      value: 2
      objectReference: {fileID: 0}
    - target: {fileID: 1581518917319691638, guid: a967a805c24b41a4b8bfc3670fafaa6c,
        type: 3}
      propertyPath: m_LocalEulerAnglesHint.x
      value: 0
      objectReference: {fileID: 0}
    - target: {fileID: 1581518917319691638, guid: a967a805c24b41a4b8bfc3670fafaa6c,
        type: 3}
      propertyPath: m_LocalEulerAnglesHint.y
      value: 0
      objectReference: {fileID: 0}
    - target: {fileID: 1581518917319691638, guid: a967a805c24b41a4b8bfc3670fafaa6c,
        type: 3}
      propertyPath: m_LocalEulerAnglesHint.z
      value: 0
      objectReference: {fileID: 0}
    - target: {fileID: 1581518917319691641, guid: a967a805c24b41a4b8bfc3670fafaa6c,
        type: 3}
      propertyPath: HUD
      value: 
      objectReference: {fileID: 4986183771918595111}
    - target: {fileID: 1581518915523064219, guid: a967a805c24b41a4b8bfc3670fafaa6c,
        type: 3}
      propertyPath: m_LocalPosition.z
      value: 0
      objectReference: {fileID: 0}
    m_RemovedComponents: []
  m_SourcePrefab: {fileID: 100100000, guid: a967a805c24b41a4b8bfc3670fafaa6c, type: 3}
--- !u!4 &2476273699058698692 stripped
Transform:
  m_CorrespondingSourceObject: {fileID: 1581518917319691638, guid: a967a805c24b41a4b8bfc3670fafaa6c,
    type: 3}
  m_PrefabInstance: {fileID: 4012657636677764274}
  m_PrefabAsset: {fileID: 0}
