%YAML 1.1
%TAG !u! tag:unity3d.com,2011:
--- !u!64 &6838347916123380948
MeshCollider:
  m_ObjectHideFlags: 0
  m_CorrespondingSourceObject: {fileID: 0}
  m_PrefabInstance: {fileID: 0}
  m_PrefabAsset: {fileID: 0}
  m_GameObject: {fileID: 2089556535817962484}
  m_Material: {fileID: 0}
  m_IsTrigger: 0
  m_Enabled: 1
  serializedVersion: 3
  m_Convex: 1
  m_CookingOptions: 14
  m_Mesh: {fileID: 4300042, guid: 7a3853faa9d3b3a429411c47b335a9dc, type: 3}
--- !u!64 &5468450165180986803
MeshCollider:
  m_ObjectHideFlags: 0
  m_CorrespondingSourceObject: {fileID: 0}
  m_PrefabInstance: {fileID: 0}
  m_PrefabAsset: {fileID: 0}
  m_GameObject: {fileID: 2089556535817962486}
  m_Material: {fileID: 0}
  m_IsTrigger: 0
  m_Enabled: 1
  serializedVersion: 3
  m_Convex: 1
  m_CookingOptions: 14
  m_Mesh: {fileID: 4300032, guid: 7a3853faa9d3b3a429411c47b335a9dc, type: 3}
--- !u!64 &6056686537970937272
MeshCollider:
  m_ObjectHideFlags: 0
  m_CorrespondingSourceObject: {fileID: 0}
  m_PrefabInstance: {fileID: 0}
  m_PrefabAsset: {fileID: 0}
  m_GameObject: {fileID: 2089556535817962488}
  m_Material: {fileID: 0}
  m_IsTrigger: 0
  m_Enabled: 1
  serializedVersion: 3
  m_Convex: 1
  m_CookingOptions: 14
  m_Mesh: {fileID: 4300046, guid: 7a3853faa9d3b3a429411c47b335a9dc, type: 3}
--- !u!64 &6818716955666854139
MeshCollider:
  m_ObjectHideFlags: 0
  m_CorrespondingSourceObject: {fileID: 0}
  m_PrefabInstance: {fileID: 0}
  m_PrefabAsset: {fileID: 0}
  m_GameObject: {fileID: 2089556535817962490}
  m_Material: {fileID: 0}
  m_IsTrigger: 0
  m_Enabled: 1
  serializedVersion: 3
  m_Convex: 1
  m_CookingOptions: 14
  m_Mesh: {fileID: 4300048, guid: 7a3853faa9d3b3a429411c47b335a9dc, type: 3}
--- !u!64 &1667156773742450993
MeshCollider:
  m_ObjectHideFlags: 0
  m_CorrespondingSourceObject: {fileID: 0}
  m_PrefabInstance: {fileID: 0}
  m_PrefabAsset: {fileID: 0}
  m_GameObject: {fileID: 2089556535817962492}
  m_Material: {fileID: 0}
  m_IsTrigger: 0
  m_Enabled: 1
  serializedVersion: 3
  m_Convex: 1
  m_CookingOptions: 14
  m_Mesh: {fileID: 4300050, guid: 7a3853faa9d3b3a429411c47b335a9dc, type: 3}
--- !u!64 &7683214373360813060
MeshCollider:
  m_ObjectHideFlags: 0
  m_CorrespondingSourceObject: {fileID: 0}
  m_PrefabInstance: {fileID: 0}
  m_PrefabAsset: {fileID: 0}
  m_GameObject: {fileID: 2089556535817962494}
  m_Material: {fileID: 0}
  m_IsTrigger: 0
  m_Enabled: 1
  serializedVersion: 3
  m_Convex: 1
  m_CookingOptions: 14
  m_Mesh: {fileID: 4300052, guid: 7a3853faa9d3b3a429411c47b335a9dc, type: 3}
--- !u!64 &7027979925471427600
MeshCollider:
  m_ObjectHideFlags: 0
  m_CorrespondingSourceObject: {fileID: 0}
  m_PrefabInstance: {fileID: 0}
  m_PrefabAsset: {fileID: 0}
  m_GameObject: {fileID: 2089556535817962432}
  m_Material: {fileID: 0}
  m_IsTrigger: 0
  m_Enabled: 1
  serializedVersion: 3
  m_Convex: 1
  m_CookingOptions: 14
  m_Mesh: {fileID: 4300054, guid: 7a3853faa9d3b3a429411c47b335a9dc, type: 3}
--- !u!64 &5337333732901491042
MeshCollider:
  m_ObjectHideFlags: 0
  m_CorrespondingSourceObject: {fileID: 0}
  m_PrefabInstance: {fileID: 0}
  m_PrefabAsset: {fileID: 0}
  m_GameObject: {fileID: 2089556535817962434}
  m_Material: {fileID: 0}
  m_IsTrigger: 0
  m_Enabled: 1
  serializedVersion: 3
  m_Convex: 1
  m_CookingOptions: 14
  m_Mesh: {fileID: 4300056, guid: 7a3853faa9d3b3a429411c47b335a9dc, type: 3}
--- !u!64 &5752027067935528882
MeshCollider:
  m_ObjectHideFlags: 0
  m_CorrespondingSourceObject: {fileID: 0}
  m_PrefabInstance: {fileID: 0}
  m_PrefabAsset: {fileID: 0}
  m_GameObject: {fileID: 2089556535817962436}
  m_Material: {fileID: 0}
  m_IsTrigger: 0
  m_Enabled: 1
  serializedVersion: 3
  m_Convex: 1
  m_CookingOptions: 14
  m_Mesh: {fileID: 4300058, guid: 7a3853faa9d3b3a429411c47b335a9dc, type: 3}
--- !u!64 &5788451675296758728
MeshCollider:
  m_ObjectHideFlags: 0
  m_CorrespondingSourceObject: {fileID: 0}
  m_PrefabInstance: {fileID: 0}
  m_PrefabAsset: {fileID: 0}
  m_GameObject: {fileID: 2089556535817962438}
  m_Material: {fileID: 0}
  m_IsTrigger: 0
  m_Enabled: 1
  serializedVersion: 3
  m_Convex: 1
  m_CookingOptions: 14
  m_Mesh: {fileID: 4300044, guid: 7a3853faa9d3b3a429411c47b335a9dc, type: 3}
--- !u!64 &352474500635110809
MeshCollider:
  m_ObjectHideFlags: 0
  m_CorrespondingSourceObject: {fileID: 0}
  m_PrefabInstance: {fileID: 0}
  m_PrefabAsset: {fileID: 0}
  m_GameObject: {fileID: 2089556535817962440}
  m_Material: {fileID: 0}
  m_IsTrigger: 0
  m_Enabled: 1
  serializedVersion: 3
  m_Convex: 1
  m_CookingOptions: 14
  m_Mesh: {fileID: 4300034, guid: 7a3853faa9d3b3a429411c47b335a9dc, type: 3}
--- !u!64 &3435522289191263959
MeshCollider:
  m_ObjectHideFlags: 0
  m_CorrespondingSourceObject: {fileID: 0}
  m_PrefabInstance: {fileID: 0}
  m_PrefabAsset: {fileID: 0}
  m_GameObject: {fileID: 2089556535817962442}
  m_Material: {fileID: 0}
  m_IsTrigger: 0
  m_Enabled: 1
  serializedVersion: 3
  m_Convex: 1
  m_CookingOptions: 14
  m_Mesh: {fileID: 4300036, guid: 7a3853faa9d3b3a429411c47b335a9dc, type: 3}
--- !u!64 &4936568612398828051
MeshCollider:
  m_ObjectHideFlags: 0
  m_CorrespondingSourceObject: {fileID: 0}
  m_PrefabInstance: {fileID: 0}
  m_PrefabAsset: {fileID: 0}
  m_GameObject: {fileID: 2089556535817962444}
  m_Material: {fileID: 0}
  m_IsTrigger: 0
  m_Enabled: 1
  serializedVersion: 3
  m_Convex: 1
  m_CookingOptions: 14
  m_Mesh: {fileID: 4300038, guid: 7a3853faa9d3b3a429411c47b335a9dc, type: 3}
--- !u!64 &3738874222008524486
MeshCollider:
  m_ObjectHideFlags: 0
  m_CorrespondingSourceObject: {fileID: 0}
  m_PrefabInstance: {fileID: 0}
  m_PrefabAsset: {fileID: 0}
  m_GameObject: {fileID: 2089556535817962446}
  m_Material: {fileID: 0}
  m_IsTrigger: 0
  m_Enabled: 1
  serializedVersion: 3
  m_Convex: 1
  m_CookingOptions: 14
  m_Mesh: {fileID: 4300040, guid: 7a3853faa9d3b3a429411c47b335a9dc, type: 3}
--- !u!1001 &2089556535817995552
PrefabInstance:
  m_ObjectHideFlags: 0
  serializedVersion: 2
  m_Modification:
    m_TransformParent: {fileID: 0}
    m_Modifications:
    - target: {fileID: 100050, guid: 7a3853faa9d3b3a429411c47b335a9dc, type: 3}
      propertyPath: m_Name
      value: Tumba_02 Variant
      objectReference: {fileID: 0}
    - target: {fileID: 400050, guid: 7a3853faa9d3b3a429411c47b335a9dc, type: 3}
      propertyPath: m_LocalPosition.x
      value: 72
      objectReference: {fileID: 0}
    - target: {fileID: 400050, guid: 7a3853faa9d3b3a429411c47b335a9dc, type: 3}
      propertyPath: m_LocalPosition.y
      value: 0
      objectReference: {fileID: 0}
    - target: {fileID: 400050, guid: 7a3853faa9d3b3a429411c47b335a9dc, type: 3}
      propertyPath: m_LocalPosition.z
      value: -24.2
      objectReference: {fileID: 0}
    - target: {fileID: 400050, guid: 7a3853faa9d3b3a429411c47b335a9dc, type: 3}
      propertyPath: m_LocalRotation.x
      value: 0
      objectReference: {fileID: 0}
    - target: {fileID: 400050, guid: 7a3853faa9d3b3a429411c47b335a9dc, type: 3}
      propertyPath: m_LocalRotation.y
      value: -0.7071068
      objectReference: {fileID: 0}
    - target: {fileID: 400050, guid: 7a3853faa9d3b3a429411c47b335a9dc, type: 3}
      propertyPath: m_LocalRotation.z
      value: 0
      objectReference: {fileID: 0}
    - target: {fileID: 400050, guid: 7a3853faa9d3b3a429411c47b335a9dc, type: 3}
      propertyPath: m_LocalRotation.w
      value: 0.7071068
      objectReference: {fileID: 0}
    - target: {fileID: 400050, guid: 7a3853faa9d3b3a429411c47b335a9dc, type: 3}
      propertyPath: m_RootOrder
      value: 0
      objectReference: {fileID: 0}
    - target: {fileID: 400050, guid: 7a3853faa9d3b3a429411c47b335a9dc, type: 3}
      propertyPath: m_LocalEulerAnglesHint.x
      value: 0
      objectReference: {fileID: 0}
    - target: {fileID: 400050, guid: 7a3853faa9d3b3a429411c47b335a9dc, type: 3}
      propertyPath: m_LocalEulerAnglesHint.y
      value: -90
      objectReference: {fileID: 0}
    - target: {fileID: 400050, guid: 7a3853faa9d3b3a429411c47b335a9dc, type: 3}
      propertyPath: m_LocalEulerAnglesHint.z
      value: 0
      objectReference: {fileID: 0}
    - target: {fileID: 2300002, guid: 7a3853faa9d3b3a429411c47b335a9dc, type: 3}
      propertyPath: m_Materials.Array.data[0]
      value: 
      objectReference: {fileID: 2100000, guid: d06c714616dd0a54c8915145a1437b93, type: 2}
    - target: {fileID: 2300004, guid: 7a3853faa9d3b3a429411c47b335a9dc, type: 3}
      propertyPath: m_Materials.Array.data[0]
      value: 
      objectReference: {fileID: 2100000, guid: 2e2e834a64dae25468cdf2d2438dc336, type: 2}
    - target: {fileID: 2300006, guid: 7a3853faa9d3b3a429411c47b335a9dc, type: 3}
      propertyPath: m_Materials.Array.data[0]
      value: 
      objectReference: {fileID: 2100000, guid: 2e2e834a64dae25468cdf2d2438dc336, type: 2}
    - target: {fileID: 2300008, guid: 7a3853faa9d3b3a429411c47b335a9dc, type: 3}
      propertyPath: m_Materials.Array.data[0]
      value: 
      objectReference: {fileID: 2100000, guid: 2e2e834a64dae25468cdf2d2438dc336, type: 2}
    - target: {fileID: 2300010, guid: 7a3853faa9d3b3a429411c47b335a9dc, type: 3}
      propertyPath: m_Materials.Array.data[0]
      value: 
      objectReference: {fileID: 2100000, guid: 2e2e834a64dae25468cdf2d2438dc336, type: 2}
    - target: {fileID: 2300012, guid: 7a3853faa9d3b3a429411c47b335a9dc, type: 3}
      propertyPath: m_Materials.Array.data[0]
      value: 
      objectReference: {fileID: 2100000, guid: 2e2e834a64dae25468cdf2d2438dc336, type: 2}
    - target: {fileID: 2300014, guid: 7a3853faa9d3b3a429411c47b335a9dc, type: 3}
      propertyPath: m_Materials.Array.data[0]
      value: 
      objectReference: {fileID: 2100000, guid: 2e2e834a64dae25468cdf2d2438dc336, type: 2}
    - target: {fileID: 2300016, guid: 7a3853faa9d3b3a429411c47b335a9dc, type: 3}
      propertyPath: m_Materials.Array.data[0]
      value: 
      objectReference: {fileID: 2100000, guid: 2e2e834a64dae25468cdf2d2438dc336, type: 2}
    - target: {fileID: 2300018, guid: 7a3853faa9d3b3a429411c47b335a9dc, type: 3}
      propertyPath: m_Materials.Array.data[0]
      value: 
      objectReference: {fileID: 2100000, guid: 2e2e834a64dae25468cdf2d2438dc336, type: 2}
    - target: {fileID: 2300020, guid: 7a3853faa9d3b3a429411c47b335a9dc, type: 3}
      propertyPath: m_Materials.Array.data[0]
      value: 
      objectReference: {fileID: 2100000, guid: 2e2e834a64dae25468cdf2d2438dc336, type: 2}
    - target: {fileID: 2300022, guid: 7a3853faa9d3b3a429411c47b335a9dc, type: 3}
      propertyPath: m_Materials.Array.data[0]
      value: 
      objectReference: {fileID: 2100000, guid: 2e2e834a64dae25468cdf2d2438dc336, type: 2}
    - target: {fileID: 2300024, guid: 7a3853faa9d3b3a429411c47b335a9dc, type: 3}
      propertyPath: m_Materials.Array.data[0]
      value: 
      objectReference: {fileID: 2100000, guid: 2e2e834a64dae25468cdf2d2438dc336, type: 2}
    - target: {fileID: 2300026, guid: 7a3853faa9d3b3a429411c47b335a9dc, type: 3}
      propertyPath: m_Materials.Array.data[0]
      value: 
      objectReference: {fileID: 2100000, guid: 2e2e834a64dae25468cdf2d2438dc336, type: 2}
    - target: {fileID: 2300028, guid: 7a3853faa9d3b3a429411c47b335a9dc, type: 3}
      propertyPath: m_Materials.Array.data[0]
      value: 
      objectReference: {fileID: 2100000, guid: 2e2e834a64dae25468cdf2d2438dc336, type: 2}
    - target: {fileID: 2300030, guid: 7a3853faa9d3b3a429411c47b335a9dc, type: 3}
      propertyPath: m_Materials.Array.data[0]
      value: 
      objectReference: {fileID: 2100000, guid: 2e2e834a64dae25468cdf2d2438dc336, type: 2}
    - target: {fileID: 2300000, guid: 7a3853faa9d3b3a429411c47b335a9dc, type: 3}
      propertyPath: m_Materials.Array.data[0]
      value: 
      objectReference: {fileID: 2100000, guid: 032bab488bdac1244bf6d488095880d8, type: 2}
    - target: {fileID: 2300032, guid: 7a3853faa9d3b3a429411c47b335a9dc, type: 3}
      propertyPath: m_Materials.Array.data[0]
      value: 
      objectReference: {fileID: 2100000, guid: d06c714616dd0a54c8915145a1437b93, type: 2}
    - target: {fileID: 2300034, guid: 7a3853faa9d3b3a429411c47b335a9dc, type: 3}
      propertyPath: m_Materials.Array.data[0]
      value: 
      objectReference: {fileID: 2100000, guid: d06c714616dd0a54c8915145a1437b93, type: 2}
    - target: {fileID: 2300036, guid: 7a3853faa9d3b3a429411c47b335a9dc, type: 3}
      propertyPath: m_Materials.Array.data[0]
      value: 
      objectReference: {fileID: 2100000, guid: d06c714616dd0a54c8915145a1437b93, type: 2}
    - target: {fileID: 2300038, guid: 7a3853faa9d3b3a429411c47b335a9dc, type: 3}
      propertyPath: m_Materials.Array.data[0]
      value: 
      objectReference: {fileID: 2100000, guid: d06c714616dd0a54c8915145a1437b93, type: 2}
    - target: {fileID: 2300040, guid: 7a3853faa9d3b3a429411c47b335a9dc, type: 3}
      propertyPath: m_Materials.Array.data[0]
      value: 
      objectReference: {fileID: 2100000, guid: d06c714616dd0a54c8915145a1437b93, type: 2}
    - target: {fileID: 2300042, guid: 7a3853faa9d3b3a429411c47b335a9dc, type: 3}
      propertyPath: m_Materials.Array.data[0]
      value: 
      objectReference: {fileID: 2100000, guid: d06c714616dd0a54c8915145a1437b93, type: 2}
    - target: {fileID: 2300044, guid: 7a3853faa9d3b3a429411c47b335a9dc, type: 3}
      propertyPath: m_Materials.Array.data[0]
      value: 
      objectReference: {fileID: 2100000, guid: d06c714616dd0a54c8915145a1437b93, type: 2}
    - target: {fileID: 2300046, guid: 7a3853faa9d3b3a429411c47b335a9dc, type: 3}
      propertyPath: m_Materials.Array.data[0]
      value: 
      objectReference: {fileID: 2100000, guid: d06c714616dd0a54c8915145a1437b93, type: 2}
    - target: {fileID: 2300048, guid: 7a3853faa9d3b3a429411c47b335a9dc, type: 3}
      propertyPath: m_Materials.Array.data[0]
      value: 
      objectReference: {fileID: 2100000, guid: d06c714616dd0a54c8915145a1437b93, type: 2}
    - target: {fileID: 2300050, guid: 7a3853faa9d3b3a429411c47b335a9dc, type: 3}
      propertyPath: m_Materials.Array.data[0]
      value: 
      objectReference: {fileID: 2100000, guid: d06c714616dd0a54c8915145a1437b93, type: 2}
    - target: {fileID: 2300052, guid: 7a3853faa9d3b3a429411c47b335a9dc, type: 3}
      propertyPath: m_Materials.Array.data[0]
      value: 
      objectReference: {fileID: 2100000, guid: d06c714616dd0a54c8915145a1437b93, type: 2}
    - target: {fileID: 2300054, guid: 7a3853faa9d3b3a429411c47b335a9dc, type: 3}
      propertyPath: m_Materials.Array.data[0]
      value: 
      objectReference: {fileID: 2100000, guid: d06c714616dd0a54c8915145a1437b93, type: 2}
    - target: {fileID: 2300056, guid: 7a3853faa9d3b3a429411c47b335a9dc, type: 3}
      propertyPath: m_Materials.Array.data[0]
      value: 
      objectReference: {fileID: 2100000, guid: d06c714616dd0a54c8915145a1437b93, type: 2}
    - target: {fileID: 2300058, guid: 7a3853faa9d3b3a429411c47b335a9dc, type: 3}
      propertyPath: m_Materials.Array.data[0]
      value: 
      objectReference: {fileID: 2100000, guid: d06c714616dd0a54c8915145a1437b93, type: 2}
    m_RemovedComponents: []
  m_SourcePrefab: {fileID: 100100000, guid: 7a3853faa9d3b3a429411c47b335a9dc, type: 3}
--- !u!1 &2089556535817962484 stripped
GameObject:
  m_CorrespondingSourceObject: {fileID: 100052, guid: 7a3853faa9d3b3a429411c47b335a9dc,
    type: 3}
  m_PrefabInstance: {fileID: 2089556535817995552}
  m_PrefabAsset: {fileID: 0}
--- !u!1 &2089556535817962486 stripped
GameObject:
  m_CorrespondingSourceObject: {fileID: 100054, guid: 7a3853faa9d3b3a429411c47b335a9dc,
    type: 3}
  m_PrefabInstance: {fileID: 2089556535817995552}
  m_PrefabAsset: {fileID: 0}
--- !u!1 &2089556535817962488 stripped
GameObject:
  m_CorrespondingSourceObject: {fileID: 100056, guid: 7a3853faa9d3b3a429411c47b335a9dc,
    type: 3}
  m_PrefabInstance: {fileID: 2089556535817995552}
  m_PrefabAsset: {fileID: 0}
--- !u!1 &2089556535817962490 stripped
GameObject:
  m_CorrespondingSourceObject: {fileID: 100058, guid: 7a3853faa9d3b3a429411c47b335a9dc,
    type: 3}
  m_PrefabInstance: {fileID: 2089556535817995552}
  m_PrefabAsset: {fileID: 0}
--- !u!1 &2089556535817962492 stripped
GameObject:
  m_CorrespondingSourceObject: {fileID: 100060, guid: 7a3853faa9d3b3a429411c47b335a9dc,
    type: 3}
  m_PrefabInstance: {fileID: 2089556535817995552}
  m_PrefabAsset: {fileID: 0}
--- !u!1 &2089556535817962494 stripped
GameObject:
  m_CorrespondingSourceObject: {fileID: 100062, guid: 7a3853faa9d3b3a429411c47b335a9dc,
    type: 3}
  m_PrefabInstance: {fileID: 2089556535817995552}
  m_PrefabAsset: {fileID: 0}
--- !u!1 &2089556535817962432 stripped
GameObject:
  m_CorrespondingSourceObject: {fileID: 100064, guid: 7a3853faa9d3b3a429411c47b335a9dc,
    type: 3}
  m_PrefabInstance: {fileID: 2089556535817995552}
  m_PrefabAsset: {fileID: 0}
--- !u!1 &2089556535817962434 stripped
GameObject:
  m_CorrespondingSourceObject: {fileID: 100066, guid: 7a3853faa9d3b3a429411c47b335a9dc,
    type: 3}
  m_PrefabInstance: {fileID: 2089556535817995552}
  m_PrefabAsset: {fileID: 0}
--- !u!1 &2089556535817962436 stripped
GameObject:
  m_CorrespondingSourceObject: {fileID: 100068, guid: 7a3853faa9d3b3a429411c47b335a9dc,
    type: 3}
  m_PrefabInstance: {fileID: 2089556535817995552}
  m_PrefabAsset: {fileID: 0}
--- !u!1 &2089556535817962438 stripped
GameObject:
  m_CorrespondingSourceObject: {fileID: 100070, guid: 7a3853faa9d3b3a429411c47b335a9dc,
    type: 3}
  m_PrefabInstance: {fileID: 2089556535817995552}
  m_PrefabAsset: {fileID: 0}
--- !u!1 &2089556535817962440 stripped
GameObject:
  m_CorrespondingSourceObject: {fileID: 100072, guid: 7a3853faa9d3b3a429411c47b335a9dc,
    type: 3}
  m_PrefabInstance: {fileID: 2089556535817995552}
  m_PrefabAsset: {fileID: 0}
--- !u!1 &2089556535817962442 stripped
GameObject:
  m_CorrespondingSourceObject: {fileID: 100074, guid: 7a3853faa9d3b3a429411c47b335a9dc,
    type: 3}
  m_PrefabInstance: {fileID: 2089556535817995552}
  m_PrefabAsset: {fileID: 0}
--- !u!1 &2089556535817962444 stripped
GameObject:
  m_CorrespondingSourceObject: {fileID: 100076, guid: 7a3853faa9d3b3a429411c47b335a9dc,
    type: 3}
  m_PrefabInstance: {fileID: 2089556535817995552}
  m_PrefabAsset: {fileID: 0}
--- !u!1 &2089556535817962446 stripped
GameObject:
  m_CorrespondingSourceObject: {fileID: 100078, guid: 7a3853faa9d3b3a429411c47b335a9dc,
    type: 3}
  m_PrefabInstance: {fileID: 2089556535817995552}
  m_PrefabAsset: {fileID: 0}
